@article{sandler_howard_zhu_zhmoginov_chen_2018, 
    title={MobileNetV2: Inverted Residuals and Linear Bottlenecks}, 
    DOI={10.1109/cvpr.2018.00474}, 
    journal={2018 IEEE/CVF Conference on Computer Vision and Pattern Recognition}, 
    author={Sandler, Mark and Howard, Andrew and Zhu, Menglong and Zhmoginov, Andrey and Chen, Liang-Chieh}, 
    year={2018}
}

@article{cai2018proxylessnas,
    title={Proxyless{NAS}: Direct Neural Architecture Search on Target Task and Hardware},
    author={Han Cai, Ligeng Zhu, Song Han},
    booktitle={International Conference on Learning Representations},
    year={2019},
    url={https://openreview.net/forum?id=HylVB3AqYm},
}

@misc{separable_convolutions_2018, 
    title={A Basic Introduction to Separable Convolutions},
    url={https://towardsdatascience.com/a-basic-introduction-to-separable-convolutions-b99ec3102728}, 
    journal={Towards Data Science}, 
    publisher={Towards Data Science}, 
    author={698607143810819}, 
    year={2018}, 
    month={Aug}
}

@misc{CONVNETIMAGE, 
    title={Convolutional Neural Networks (CNNs / ConvNets)},
    url={http://cs231n.github.io/convolutional-networks/}, 
    journal={CS231n Convolutional Neural Networks for Visual Recognition}, 
    publisher={CS231}, 
    author={}, 
    year={2017}, 
    month={Apr}
}

@article{DARTSMODEL,
    title={DARTS: Differentiable Architecture Search},
    author={Hanxiao Liu, Karen Simonyan, Yiming Yang},
    booktitle={International Conference on Learning Representations},
    year={2019},
    url={https://openreview.net/forum?id=S1eYHoC5FX},
}